<?xml version="1.0" encoding="UTF-8"?>
<collection xmlns:xsi="http://www.w3.org/2001/XMLSchema-instance" xsi:schemaLocation="http://www.loc.gov/MARC21/slim http://www.loc.gov/standards/marcxml/schema/MARC21slim.xsd" xmlns="http://www.loc.gov/MARC21/slim">
<record>
  <leader>00959cam a2200241 i 4500</leader>
  <controlfield tag="001">2537810</controlfield>
  <controlfield tag="003">NNC</controlfield>
  <controlfield tag="005">20130425130728.0</controlfield>
  <controlfield tag="008">791029s1897    ua c          000 0 arard</controlfield>
  <datafield tag="035" ind1=" " ind2=" ">
    <subfield code="a">(OCoLC)ocm05623221</subfield>
  </datafield>
  <datafield tag="035" ind1=" " ind2=" ">
    <subfield code="9">AQL9189CU</subfield>
  </datafield>
  <datafield tag="035" ind1=" " ind2=" ">
    <subfield code="a">(NNC)2537810</subfield>
  </datafield>
  <datafield tag="040" ind1=" " ind2=" ">
    <subfield code="a">WAU</subfield>
    <subfield code="c">WAU</subfield>
    <subfield code="d">ZCU</subfield>
  </datafield>
  <datafield tag="090" ind1=" " ind2=" ">
    <subfield code="a">DT102.A33</subfield>
    <subfield code="b">A43</subfield>
  </datafield>
  <datafield tag="100" ind1="1" ind2=" ">
    <subfield code="a">Fikrī, ʻAbd Allāh,</subfield>
    <subfield code="d">1834 or 1835-1888 or 1889.</subfield>
  </datafield>
  <datafield tag="245" ind1="1" ind2="3">
    <subfield code="a">al-Athār al-fikrīyah /</subfield>
    <subfield code="c">ʻAbd Allāh Fikrī ; jamaʻahā najlahu Amīn Fikrī.</subfield>
  </datafield>
  <datafield tag="250" ind1=" " ind2=" ">
    <subfield code="a">al-Ṭabʻah 1.</subfield>
  </datafield>
  <datafield tag="260" ind1=" " ind2=" ">
    <subfield code="a">[al-Qāhirah] :</subfield>
    <subfield code="b">al-Maṭbaʻah al-Kubrá al-Amīrīyah,</subfield>
    <subfield code="c">1897.</subfield>
  </datafield>
  <datafield tag="300" ind1=" " ind2=" ">
    <subfield code="a">454, 14 p. :</subfield>
    <subfield code="b">port. ;</subfield>
    <subfield code="c">25 cm.</subfield>
  </datafield>
  <datafield tag="500" ind1=" " ind2=" ">
    <subfield code="a">"Tashmulu ʻalá mā-tayasra al-ʻuthūru ʻalayhi min naẓmi wa-nathri ʻAbd Allāh Fikrī."</subfield>
  </datafield>
  <datafield tag="500" ind1=" " ind2=" ">
    <subfield code="a">"Mufattaḥah bi-tarjamatih mudhayyalah bi-baʻḍi mā-rathāh bih āfāḍil shuʻarā' al-ʻaṣr."</subfield>
  </datafield>
  <datafield tag="700" ind1="1" ind2=" ">
    <subfield code="a">Fikrī, Amīn,</subfield>
    <subfield code="d">1856 or 1857-1898 or 1899.</subfield>
  </datafield>
  <datafield tag="955" ind1=" " ind2=" ">
    <subfield code="b">CU52877701</subfield>
    <subfield code="d">off,glx</subfield>
    <subfield code="e">DT102.A33 A43</subfield>
  </datafield>
</record>
</collection>